<record><leader>00000cas a22000007a 4500</leader><controlfield tag="001">10154343</controlfield><controlfield tag="008">831122d18921929mnudn ne      0    0eng  </controlfield><controlfield tag="009">466</controlfield><datafield ind1=" " ind2=" " tag="010"><subfield code="a">sn 83016815 </subfield></datafield><datafield ind1=" " ind2=" " tag="040"><subfield code="a">DLC</subfield><subfield code="b">eng</subfield><subfield code="c">DLC</subfield><subfield code="d">NPT</subfield><subfield code="d">OCL</subfield><subfield code="d">MN#</subfield><subfield code="d">CNK</subfield><subfield code="d">OCLCQ</subfield><subfield code="d">OCLCO</subfield><subfield code="d">OCLCF</subfield></datafield><datafield ind1=" " ind2=" " tag="019"><subfield code="a">1775200</subfield></datafield><datafield ind1="1" ind2=" " tag="029"><subfield code="a">AU@</subfield><subfield code="b">000020412982</subfield></datafield><datafield ind1=" " ind2=" " tag="042"><subfield code="a">msc</subfield></datafield><datafield ind1=" " ind2=" " tag="043"><subfield code="a">n-us-mn</subfield></datafield><datafield ind1="0" ind2="0" tag="050"><subfield code="a">Newspaper 8497</subfield></datafield><datafield ind1=" " ind2=" " tag="052"><subfield code="a">4144</subfield><subfield code="b">S2</subfield></datafield><datafield ind1=" " ind2=" " tag="052"><subfield code="a">4143</subfield><subfield code="b">S6</subfield></datafield><datafield ind1="0" ind2="4" tag="245"><subfield code="a">The daily journal-press.</subfield></datafield><datafield ind1="3" ind2="0" tag="246"><subfield code="a">Daily journal press</subfield></datafield><datafield ind1=" " ind2=" " tag="260"><subfield code="a">Saint Cloud, Minn. :</subfield><subfield code="b">Journal-Press Co.,</subfield><subfield code="c">1892-1929.</subfield></datafield><datafield ind1=" " ind2=" " tag="300"><subfield code="a">36 v.</subfield></datafield><datafield ind1=" " ind2=" " tag="310"><subfield code="a">Daily (except Sun.)</subfield></datafield><datafield ind1="0" ind2=" " tag="362"><subfield code="a">Vol. 1, no. 1 (Sep. 3, 1892)-v. 36, no. 277 (Aug. 31, 1929).</subfield></datafield><datafield ind1=" " ind2=" " tag="530"><subfield code="a">Available on microfilm from the Minnesota Historical Society.</subfield></datafield><datafield ind1=" " ind2="0" tag="651"><subfield code="a">Saint Cloud (Minn.)</subfield><subfield code="v">Newspapers.</subfield></datafield><datafield ind1=" " ind2="7" tag="655"><subfield code="a">Newspapers.</subfield><subfield code="2">fast</subfield><subfield code="0">(OCoLC)fst01423814</subfield></datafield><datafield ind1=" " ind2="7" tag="651"><subfield code="a">Minnesota</subfield><subfield code="z">Saint Cloud.</subfield><subfield code="2">fast</subfield><subfield code="0">(OCoLC)fst01210140</subfield></datafield><datafield ind1=" " ind2=" " tag="752"><subfield code="a">United States</subfield><subfield code="b">Minnesota</subfield><subfield code="c">Stearns</subfield><subfield code="d">Saint Cloud.</subfield></datafield><datafield ind1="0" ind2=" " tag="775"><subfield code="t">St. Cloud journal-press</subfield><subfield code="w">(DLC)sn 8525582</subfield></datafield><datafield ind1="0" ind2="7" tag="785"><subfield code="t">Saint Cloud daily times (Saint Cloud, Minn. : 1887)</subfield><subfield code="w">(DLC)sn 89064492</subfield></datafield><datafield ind1="0" ind2="7" tag="785"><subfield code="t">Saint Cloud daily times and the daily journal-press</subfield><subfield code="w">(DLC)sn 89064520</subfield></datafield></record>